@misc{evosem,
	author="François, Alexandre AND Kalyan, Siva AND Dehouck, Mathieu AND Pastor, Martial AND Kletz, David",
	year = 2025,
	title = "EvoSem: A database of dialexification across language families.",
	howpublished = "Online database.",
	organization = "CNRS—LaTTiCe, Paris.",
	url = "\url{https://tiny.cc/EvoSem}",
}

@misc{index,
	title = "Index Diachronica",
	howpublished = "\url{https://chridd.nfshost.com/diachronica/}",
}
